<?xml version="1.0" encoding="UTF-8"?><collection xmlns="http://www.loc.gov/MARC21/slim"><record><leader>00796nam--2200217-u-4500</leader><controlfield tag="001">000053151</controlfield><controlfield tag="002">20161230</controlfield><controlfield tag="005">20161230201051</controlfield><controlfield tag="008">110107s1000------------r-----000-0-eng-d</controlfield><datafield ind1=" " ind2=" " tag="020"><subfield code="a">3718604000</subfield></datafield><datafield ind1=" " ind2=" " tag="040"><subfield code="a">IFIN-HH</subfield></datafield><datafield ind1=" " ind2=" " tag="080"><subfield code="a">539.14:539.143(063)</subfield></datafield><datafield ind1="1" ind2=" " tag="100"><subfield code="a">Meyer, R.A</subfield></datafield><datafield ind1="1" ind2="0" tag="245"><subfield code="a">Symmetries and nuclear structure</subfield><subfield code="b">Proccedings from the international symposium on symmetries and nuclear structure held at the inter-university centre, dubrovnik, yugoslavia, 5-14 june 1986</subfield><subfield code="c">R.A. MEYER; V. PAAR (Eds.)</subfield></datafield><datafield ind1=" " ind2=" " tag="260"><subfield code="a">Chur, Switzerland</subfield><subfield code="b">Harwood Academic Publishers Gmbh</subfield><subfield code="c">1987</subfield></datafield><datafield ind1=" " ind2=" " tag="300"><subfield code="a">620P</subfield></datafield><datafield ind1=" " ind2=" " tag="490"><subfield code="a">Nuclear Science Research Conference Series</subfield><subfield code="v">Vol. 13</subfield></datafield><datafield ind1=" " ind2="4" tag="650"><subfield code="a">Basic Nuclear Structure</subfield></datafield><datafield ind1="1" ind2=" " tag="700"><subfield code="a">Paar, V</subfield><subfield code="e">Ed</subfield></datafield><datafield ind1=" " ind2=" " tag="852"><subfield code="a">81579</subfield><subfield code="c">539.14</subfield></datafield><datafield ind1=" " ind2=" " tag="CAT"><subfield code="a">Sys</subfield><subfield code="c">20110107</subfield><subfield code="h">134512</subfield></datafield></record></collection>